@article{turing:1950,
  title={Computing machinery and intelligence},
  author={Turing, Alan M},
  journal={Mind},
  volume={59},
  number={236},
  pages={433--460},
  year={1950},
}

@article{turing:1936,
  title={On computable numbers, with an application to the Entscheidungsproblem},
  author={Turing, Alan M},
  journal={Proceedings of the London mathematical society},
  volume={42},
  number={2},
  pages={230--265},
  year={1936},
}

@online{helmert:pdb,
    title={Planning and Optimization},
    author={Helmert, Malte and RÃ¶ger, Gabriele},
    url={https://ai.dmi.unibas.ch/_files/teaching/hs23/po/slides/po-e06-handout4.pdf},
    year={2023},
    note = {Accessed: {18.3.2024}},
}